<marc:record xmlns:marc="http://www.loc.gov/MARC21/slim" xmlns:xsi="http://www.w3.org/2001/XMLSchema-instance" xsi:schemaLocation="http://www.loc.gov/MARC21/slim http://www.loc.gov/standards/marcxml/schema/MARC21slim.xsd"><marc:leader>00620nkm a22     7a 4500</marc:leader><marc:controlfield tag="001">1478761</marc:controlfield><marc:controlfield tag="003">NL-AMISG</marc:controlfield><marc:controlfield tag="005">20130815122800.0</marc:controlfield><marc:controlfield tag="008">130711s1980    fr                  fre d</marc:controlfield><marc:datafield ind1=" " ind2=" " tag="040"><marc:subfield code="a">NL-AMISG</marc:subfield></marc:datafield><marc:datafield ind1=" " ind2=" " tag="041"><marc:subfield code="a">fre</marc:subfield></marc:datafield><marc:datafield ind1=" " ind2=" " tag="044"><marc:subfield code="a">fr</marc:subfield></marc:datafield><marc:datafield ind1="1" ind2=" " tag="100"><marc:subfield code="0">(NL-AMISG)2008417</marc:subfield><marc:subfield code="a">De Smet, Francis</marc:subfield><marc:subfield code="b">c</marc:subfield><marc:subfield code="d">e</marc:subfield><marc:subfield code="draughtsman">f</marc:subfield><marc:subfield code="k">l</marc:subfield><marc:subfield code="m">n</marc:subfield><marc:subfield code="o">p</marc:subfield><marc:subfield code="q">r</marc:subfield><marc:subfield code="s">t</marc:subfield><marc:subfield code="v">x</marc:subfield><marc:subfield code="y">z</marc:subfield></marc:datafield><marc:datafield ind1="1" ind2="0" tag="245"><marc:subfield code="a">Amnesty International.</marc:subfield><marc:subfield code="k">Visual document.</marc:subfield></marc:datafield><marc:datafield ind1=" " ind2=" " tag="260"><marc:subfield code="c">(Ca.1980)</marc:subfield><marc:subfield code="e">(Bruxelles :</marc:subfield><marc:subfield code="f">Victor Salé)</marc:subfield></marc:datafield><marc:datafield ind1=" " ind2=" " tag="300"><marc:subfield code="g">65x43 cm.</marc:subfield></marc:datafield><marc:datafield ind1=" " ind2=" " tag="540"><marc:subfield code="a">Copyright unknown.</marc:subfield></marc:datafield><marc:datafield ind1=" " ind2=" " tag="542"><marc:subfield code="m">closed</marc:subfield></marc:datafield><marc:datafield ind1=" " ind2=" " tag="648"><marc:subfield code="a">1970-1985.</marc:subfield><marc:subfield code="0">(NL-AMISG)569444</marc:subfield></marc:datafield><marc:datafield ind1=" " ind2=" " tag="650"><marc:subfield code="a">Belgium.</marc:subfield><marc:subfield code="0">(NL-AMISG)567353</marc:subfield></marc:datafield><marc:datafield ind1=" " ind2=" " tag="650"><marc:subfield code="a">Human rights.</marc:subfield><marc:subfield code="0">(NL-AMISG)156117</marc:subfield></marc:datafield><marc:datafield ind1=" " ind2=" " tag="651"><marc:subfield code="a">Subscriber canvassing.</marc:subfield><marc:subfield code="0">(NL-AMISG)1359</marc:subfield></marc:datafield><marc:datafield ind1="4" ind2=" " tag="651"><marc:subfield code="a">Comic strip.</marc:subfield><marc:subfield code="0">(NL-AMISG)2002130</marc:subfield></marc:datafield><marc:datafield ind1=" " ind2="4" tag="655"><marc:subfield code="a">Poster.</marc:subfield><marc:subfield code="0">(NL-AMISG)3248</marc:subfield></marc:datafield><marc:datafield ind1="2" ind2=" " tag="710"><marc:subfield code="a">Amnesty International.</marc:subfield><marc:subfield code="b">Belgique francophone.</marc:subfield><marc:subfield code="0">(NL-AMISG)9785</marc:subfield></marc:datafield><marc:datafield ind1="2" ind2=" " tag="710"><marc:subfield code="a">Amnesty International.</marc:subfield><marc:subfield code="b">Nederland,</marc:subfield><marc:subfield code="e">collector.</marc:subfield><marc:subfield code="0">(NL-AMISG)573728</marc:subfield></marc:datafield><marc:datafield ind1="4" ind2=" " tag="852"><marc:subfield code="a">IISG</marc:subfield><marc:subfield code="b">IISG</marc:subfield><marc:subfield code="c">IISG</marc:subfield><marc:subfield code="j">BG D85/763</marc:subfield><marc:subfield code="n">Available</marc:subfield><marc:subfield code="p">30051003095681</marc:subfield></marc:datafield><marc:datafield ind1=" " ind2=" " tag="901"><marc:subfield code="a">1478761</marc:subfield><marc:subfield code="b"/><marc:subfield code="c">1478761</marc:subfield><marc:subfield code="t">biblio</marc:subfield></marc:datafield><marc:datafield ind1=" " ind2=" " tag="902"><marc:subfield code="a">10622/970A0303-8590-45CA-B253-D1F3EE0FCA2F</marc:subfield></marc:datafield></marc:record>